<?xml version="1.0" encoding="UTF-8"?><collection xmlns="http://www.loc.gov/MARC21/slim"><record><leader>00524nam--2200181-i-4500</leader><controlfield tag="001">000014661</controlfield><controlfield tag="002">20161230</controlfield><controlfield tag="005">20170208131649</controlfield><controlfield tag="008">060222s1000------------r-----000-0-eng-d</controlfield><datafield ind1=" " ind2=" " tag="080"><subfield code="a">621.039.526:621.1:669.14.018(047.3)</subfield></datafield><datafield ind1=" " ind2=" " tag="100"><subfield code="a">Dalmastri, B</subfield></datafield><datafield ind1=" " ind2=" " tag="245"><subfield code="a">Accicio a 9cr-2mo per generatori di vapore di reattori veloci</subfield></datafield><datafield ind1=" " ind2=" " tag="260"><subfield code="a">Roma</subfield><subfield code="b">Comiteto Nazionale Energia Nucleare</subfield><subfield code="c">1981</subfield></datafield><datafield ind1=" " ind2=" " tag="300"><subfield code="a">17 p. + 14 Figuri</subfield></datafield><datafield ind1=" " ind2=" " tag="490"><subfield code="a">Rt/Met</subfield><subfield code="v">81/1</subfield></datafield><datafield ind1=" " ind2=" " tag="700"><subfield code="a">Vacchiano, S</subfield></datafield><datafield ind1=" " ind2=" " tag="852"><subfield code="a">17341</subfield></datafield><datafield ind1=" " ind2=" " tag="CAT"><subfield code="a">SYS</subfield><subfield code="c">20170208</subfield><subfield code="h">131649</subfield></datafield></record></collection>